% This file was created with JabRef 2.4.2.
% Encoding: UTF8


@BOOKLET{Symfony,
  title = {Symfony - Open-Source PHP Web Framework},
  author = {{Sensio Labs}},
  lastchecked = {20.04.2010},
  year = {2010},
  owner = {grashorn},
  timestamp = {2010.04.22},
  url = {http://www.symfony-project.org/}
}

@BOOKLET{FA,
  title = {Fachinformatiker Anwendungsentwicklung - Hinweise und Tipps zur Ausbildung und IHK-Abschlusspr√ºfung},
  author = {{Stefan Macke}},
  lastchecked = {20.11.2016},
  year = {2016},
  owner = {Stefan Macke},
  timestamp = {2016.11.20},
  url = {https://fachinformatiker-anwendungsentwicklung.net/}
}


