% This file was created with JabRef 2.4.2.
% Encoding: UTF8


@BOOK{PHP,
  title = {PHP 5.6 und MySQL: Von den Grundlagen bis zur professionellen Programmierung},
  author = {{Wenz, Christian; Hauser, Tobias}},
  year = {2015},
  publisher = {Rheinwerk Verlag GmbH},
  address = {Bonn},
  edition = {1. Aufl.}
}


@BOOK{React,
  title = {React:Die praktische Einführung in React, React Router und Redux},
  author = {{Zeigermann, Oliver; Hartmann, Nils}},
  year = {2016},
  publisher = {dpunkt.verlag GmbH},
  address = {Heidelberg},
  edition = {1. Aufl.}
}

@BOOK{UML,
  title = {UML 2.5: Das umfassende Handbuch},
  author = {{Kecher, Christoph; Salvanos Alexander}},
  year = {2015},
  publisher = {Rheinwerk Verlag GmbH},
  address = {Bonn},
  edition = {5., aktualisierte und erweiterte Aufl.}
}

@BOOKLET{Macke,
  title = {Fachinformatiker Anwendungsentwicklung - Hinweise und Tipps zur Ausbildung und IHK-Abschlussprüfung},
  author = {{Macke, Stefan}},
  urldate = {27.11.2016},
  year = {2016},
  url = {https://fachinformatiker-anwendungsentwicklung.net/vorlage-fuer-die-projektdokumentation/}
}

@BOOKLET{Wes,
  title = {React For Beginners — The best way to learn React},
  author = {{Bos, Wes}},
  year = {2016},
  url = {https://reactforbeginners.com/},
  urldate = {27.11.2016}
}

@BOOKLET{Arthur,
  author = {{Arthur Systems}},
  title = {Create a PHP OOP PDO Database Class Video Tutorial},
  year = 2015,
  url = {https://www.youtube.com/playlist?list=PLr_acfJGVcioWMEW3IX8LRpHGv88ubz4b},
  urldate = {27.11.2016}
}

@BOOKLET{epagesphp,
  author = {{David Pauli}},
  title = {API Documentation},
  year = 2016,
  url = {http://dbawdy.de/epages-rest-php/doc/},
  urldate = {27.11.2016}
}

@BOOKLET{javascript,
  author = {{Refsnes Data}},
  title = {W3Schools Online Web Tutorials},
  year = 2016,
  url = {http://www.w3schools.com/},
  urldate = {27.11.2016}
}

@BOOKLET{phpdoc,
  author = {{PHP group}},
  title = {PHP: Hypertext Preprocessor},
  year = 2016,
  url = {http://www.php.net/},
  urldate = {27.11.2016}
}


